@book{fakebook,
author = {Doe, John and Jane, Doe and Doe, Little and Doe, Spot},
title = {The Wonders of \LaTeX{}},
publisher = {WCU Press},
year = {2019} }

@article{kamath2003systematic,
  title={Systematic functional analysis of the Caenorhabditis elegans genome using RNAi},
  author={Kamath, Ravi S and Fraser, Andrew G and Dong, Yan and Poulin, Gino and Durbin, Richard and Gotta, Monica and Kanapin, Alexander and Le Bot, Nathalie and Moreno, Sergio and Sohrmann, Marc and others},
  journal={Nature},
  volume={421},
  number={6920},
  pages={231},
  year={2003},
  publisher={Nature Publishing Group}
}

@article{cong2013multiplex,
  title={Multiplex genome engineering using CRISPR/Cas systems},
  author={Cong, Le and Ran, F Ann and Cox, David and Lin, Shuailiang and Barretto, Robert and Habib, Naomi and Hsu, Patrick D and Wu, Xuebing and Jiang, Wenyan and Marraffini, Luciano A and others},
  journal={Science},
  volume={339},
  number={6121},
  pages={819--823},
  year={2013},
  publisher={American Association for the Advancement of Science}
}

@misc{HurricaneDorian,
publisher = {The Weather Channel},
howpublished = {\url{https://weather.com/?cm_ven=PS_GGL_Dorian_08262019_1&par=MK_GGL&gclid=EAIaIQobChMI3f_fw7G35AIVDpSzCh0L3g26EAAYASAAEgL_0vD_BwE}},
title = {Dorian Lashing {F}lorida}
}